@article{raman2022learning,
  title={Learning Branch Probabilities in Compiler from Datacenter Workloads},
  author={Raman, Easwaran and Li, Xinliang David},
  journal={arXiv preprint arXiv:2202.06728},
  year={2022}
}

@article{newell2020improved,
  title={Improved basic block reordering},
  author={Newell, Andy and Pupyrev, Sergey},
  journal={IEEE Transactions on Computers},
  volume={69},
  number={12},
  pages={1784--1794},
  year={2020},
  publisher={IEEE}
}

@inproceedings{pettis1990profile,
  title={Profile guided code positioning},
  author={Pettis, Karl and Hansen, Robert C},
  booktitle={Proceedings of the ACM SIGPLAN 1990 conference on Programming language design and implementation},
  pages={16--27},
  year={1990}
}

@article{morel1979global,
  title={Global optimization by suppression of partial redundancies},
  author={Morel, Etienne and Renvoise, Claude},
  journal={Communications of the ACM},
  volume={22},
  number={2},
  pages={96--103},
  year={1979},
  publisher={ACM New York, NY, USA}
}

@inproceedings{ruthing2000sparse,
  title={Sparse code motion},
  author={R{\"u}thing, Oliver and Knoop, Jens and Steffen, Bernhard},
  booktitle={Proceedings of the 27th ACM SIGPLAN-SIGACT symposium on Principles of programming languages},
  pages={170--183},
  year={2000}
}

@inproceedings{steffen1991data,
  title={Data flow analysis as model checking},
  author={Steffen, Bernhard},
  booktitle={International Symposium on Theoretical Aspects of Computer Software},
  pages={346--364},
  year={1991},
  organization={Springer}
}

@misc{293S08PR25:online,
author = {},
title = {293S\_08\_PRE\_LCM},
howpublished = {\url{https://sites.cs.ucsb.edu/~yufeiding/cs293s/slides/293S_08_PRE_LCM.pdf}},
month = {},
year = {},
note = {(Accessed on 11/27/2022)}
}
@misc{Microsof86:online,
author = {},
title = {Microsoft PowerPoint - L12-Lazy-Code-Motion},
howpublished = {\url{https://www.cs.cmu.edu/afs/cs/academic/class/15745-s16/www/lectures/L12-Lazy-Code-Motion.pdf}},
month = {},
year = {},
note = {(Accessed on 11/27/2022)}
}