@article{raman2022learning,
  title={Learning Branch Probabilities in Compiler from Datacenter Workloads},
  author={Raman, Easwaran and Li, Xinliang David},
  journal={arXiv preprint arXiv:2202.06728},
  year={2022}
}